<record><leader>00000cas a22000007a 4500</leader><controlfield tag="001">17389900</controlfield><controlfield tag="008">880125c19299999nyuwr ne      0    0eng d</controlfield><datafield ind1=" " ind2=" " tag="010"><subfield code="a">sn 88074044 </subfield></datafield><datafield ind1=" " ind2=" " tag="040"><subfield code="a">NYS</subfield><subfield code="b">eng</subfield><subfield code="c">NYS</subfield><subfield code="d">OCLCQ</subfield></datafield><datafield ind1=" " ind2=" " tag="042"><subfield code="a">msc</subfield></datafield><datafield ind1="0" ind2="0" tag="245"><subfield code="a">Albion advertiser.</subfield></datafield><datafield ind1="3" ind2="0" tag="246"><subfield code="a">Albion advertiser combined with Orleans Republican-American and weekly news</subfield></datafield><datafield ind1=" " ind2=" " tag="260"><subfield code="a">Albion, N.Y. :</subfield><subfield code="b">P.A. Dragon,</subfield><subfield code="c">1929-</subfield></datafield><datafield ind1=" " ind2=" " tag="300"><subfield code="a">v.</subfield></datafield><datafield ind1=" " ind2=" " tag="310"><subfield code="a">Weekly</subfield></datafield><datafield ind1="0" ind2=" " tag="362"><subfield code="a">Vol. 1, no. 1 (Nov. 8, 1929)-</subfield></datafield><datafield ind1=" " ind2=" " tag="500"><subfield code="a">Published as: Albion advertiser combined with Orleans Republican-American and weekly news, &lt;1970-1977&gt;.</subfield></datafield><datafield ind1=" " ind2="4" tag="651"><subfield code="a">Albion (N.Y.)</subfield><subfield code="v">Newspapers.</subfield></datafield><datafield ind1=" " ind2="4" tag="651"><subfield code="a">Orleans County (N.Y.)</subfield><subfield code="v">Newspapers.</subfield></datafield><datafield ind1=" " ind2=" " tag="752"><subfield code="a">United States</subfield><subfield code="b">New York</subfield><subfield code="c">Orleans</subfield><subfield code="d">Albion.</subfield></datafield><datafield ind1="0" ind2="5" tag="780"><subfield code="t">Orleans Republican American and weekly news</subfield><subfield code="w">(DLC)sn 85054119</subfield></datafield><datafield ind1="1" ind2=" " tag="029"><subfield code="a">AU@</subfield><subfield code="b">000025829432</subfield></datafield></record>